@inproceedings{matas03robust,
	Author = {Matas, J. and Chum, O. and Urban, M. and Pajdla, T.},
	Booktitle = {BMVC},
	Title = {Robust Wide Baseline Stereo from Maximally Stable
                  Extremal Regions},
	Year = {2002}
}
