@inproceedings{matas03robust,
	Author = {Matas, J. and Chum, O. and Urban, M. and Pajdla, T.},
	Booktitle = {BMVC},
	Title = {Robust Wide Baseline Stereo from Maximally Stable
                  Extremal Regions},
	Year = {2002}}

@inproceedings{donoser063d-segmentation,
	Author = {M. Donoser and H. Bischof},
	Booktitle = {ICPR},
	Title = {{3D} Segmentation by Maximally Stable Volumes},
	Year = {2006}}

@inproceedings{murphy-chutorian06n-tree,
	Author = {E. Murphy-Chutorian and M. Trivedi},
	Booktitle = {BMVC},
	Title = {N-tree Disjoint-Set Foreset for Maximally Stable Extremal Regions},
	Year = {2006}}

@inproceedings{donoser06efficient,
	Author = {M. Donoser and H. Bischof},
	Booktitle = {CVPR},
	Title = {Efficient Maximally Stable Extremal Region ({MSER}) Tracking},
	Year = {2006}}
